@book{knuth1986texbook,
    title     = {The \TeX{}book},
    author    = {Knuth, Donald Ervin and Bibby, Duane},
    volume    = {1993},
    year      = {1986},
    publisher = {Addison--Wesley Reading, MA}
}